
    <record>
        <leader>01785cam a2200445Mi 4500</leader>
        <controlfield tag="001">688303</controlfield>
        <controlfield tag="005">20221002083618.0</controlfield>
        <controlfield tag="008">950224s1893    mau           000 0 eng d</controlfield>
        <datafield tag="035" ind1=" " ind2=" ">
            <subfield code="a">(OCoLC)ocm82905423</subfield>
        </datafield>
        <datafield tag="035" ind1=" " ind2=" ">
            <subfield code="a">688303</subfield>
        </datafield>
        <datafield tag="040" ind1=" " ind2=" ">
            <subfield code="a">HLS</subfield>
            <subfield code="b">eng</subfield>
            <subfield code="c">HLS</subfield>
            <subfield code="d">OCLCG</subfield>
            <subfield code="d">OCLCQ</subfield>
            <subfield code="d">OCLCF</subfield>
            <subfield code="d">OCLCO</subfield>
            <subfield code="d">OCLCQ</subfield>
            <subfield code="d">OCLCO</subfield>
            <subfield code="d">AGL</subfield>
        </datafield>
        <datafield tag="016" ind1="7" ind2=" ">
            <subfield code="a">CAT106883032</subfield>
            <subfield code="2">DNAL</subfield>
        </datafield>
        <datafield tag="070" ind1="0" ind2=" ">
            <subfield code="a">98</subfield>
            <subfield code="b">M31L</subfield>
        </datafield>
        <datafield tag="072" ind1=" " ind2="0">
            <subfield code="a">P300</subfield>
        </datafield>
        <datafield tag="072" ind1=" " ind2="0">
            <subfield code="a">F110</subfield>
        </datafield>
        <datafield tag="049" ind1=" " ind2=" ">
            <subfield code="a">AGLL</subfield>
        </datafield>
        <datafield tag="100" ind1="1" ind2=" ">
            <subfield code="a">Manning, Warren H.</subfield>
            <subfield code="q">(Warren Henry),</subfield>
            <subfield code="d">1860-1938.</subfield>
        </datafield>
        <datafield tag="245" ind1="1" ind2="0">
            <subfield code="a">Landscape gardening :</subfield>
            <subfield code="b">a paper read before the Massachusetts Horticultural Society January 21, 1883 /</subfield>
            <subfield code="c">by Warren H. Manning.</subfield>
        </datafield>
        <datafield tag="260" ind1=" " ind2=" ">
            <subfield code="a">Boston, Massachusetts. :</subfield>
            <subfield code="b">The Society,</subfield>
            <subfield code="c">1893.</subfield>
        </datafield>
        <datafield tag="300" ind1=" " ind2=" ">
            <subfield code="a">16 pages ;</subfield>
            <subfield code="c">24 cm</subfield>
        </datafield>
        <datafield tag="336" ind1=" " ind2=" ">
            <subfield code="a">text</subfield>
            <subfield code="b">txt</subfield>
            <subfield code="2">rdacontent</subfield>
        </datafield>
        <datafield tag="337" ind1=" " ind2=" ">
            <subfield code="a">unmediated</subfield>
            <subfield code="b">n</subfield>
            <subfield code="2">rdamedia</subfield>
        </datafield>
        <datafield tag="338" ind1=" " ind2=" ">
            <subfield code="a">volume</subfield>
            <subfield code="b">nc</subfield>
            <subfield code="2">rdacarrier</subfield>
        </datafield>
        <datafield tag="500" ind1=" " ind2=" ">
            <subfield code="a">&quot;From Transactions of the Massachusetts Horticultural Society.</subfield>
        </datafield>
        <datafield tag="650" ind1=" " ind2="0">
            <subfield code="a">Landscape gardening.</subfield>
        </datafield>
        <datafield tag="650" ind1=" " ind2="0">
            <subfield code="a">Landscape architecture.</subfield>
        </datafield>
        <datafield tag="650" ind1=" " ind2="7">
            <subfield code="a">Landscape architecture.</subfield>
            <subfield code="2">fast</subfield>
            <subfield code="0">(OCoLC)fst00991814</subfield>
        </datafield>
        <datafield tag="650" ind1=" " ind2="7">
            <subfield code="a">landscape gardening.</subfield>
            <subfield code="2">aat</subfield>
            <subfield code="0">(CStmoGRI)aat300054708</subfield>
        </datafield>
        <datafield tag="650" ind1=" " ind2="7">
            <subfield code="a">Landscape gardening.</subfield>
            <subfield code="2">fast</subfield>
            <subfield code="0">(OCoLC)fst00991916</subfield>
        </datafield>
        <datafield tag="650" ind1=" " ind2="3">
            <subfield code="a">plant cultural practices</subfield>
            <subfield code="9">auto-assigned by category code</subfield>
        </datafield>
        <datafield tag="650" ind1=" " ind2="3">
            <subfield code="a">horticulture</subfield>
            <subfield code="9">auto-assigned by category code</subfield>
        </datafield>
        <datafield tag="650" ind1=" " ind2="3">
            <subfield code="a">horticultural crops</subfield>
            <subfield code="9">auto-assigned by category code</subfield>
        </datafield>
        <datafield tag="650" ind1=" " ind2="3">
            <subfield code="a">crop production</subfield>
            <subfield code="9">auto-assigned by category code</subfield>
        </datafield>
        <datafield tag="650" ind1=" " ind2="3">
            <subfield code="a">natural resources</subfield>
            <subfield code="9">auto-assigned by category code</subfield>
        </datafield>
        <datafield tag="650" ind1=" " ind2="3">
            <subfield code="a">land resources</subfield>
            <subfield code="9">auto-assigned by category code</subfield>
        </datafield>
        <datafield tag="650" ind1=" " ind2="3">
            <subfield code="a">land management</subfield>
            <subfield code="9">auto-assigned by category code</subfield>
        </datafield>
        <datafield tag="710" ind1="2" ind2=" ">
            <subfield code="a">Massachusetts Horticultural Society.</subfield>
        </datafield>
        <datafield tag="930" ind1=" " ind2=" ">
            <subfield code="a">20221002</subfield>
            <subfield code="b">00000000</subfield>
            <subfield code="c">00000000</subfield>
        </datafield>
        <datafield tag="946" ind1=" " ind2=" ">
            <subfield code="a">Other US</subfield>
        </datafield>
        <datafield tag="959" ind1=" " ind2=" ">
            <subfield code="a"/>
            <subfield code="c">2022/09/28</subfield>
            <subfield code="e">cmartinez</subfield>
            <subfield code="g">upgrade</subfield>
        </datafield>
    </record>