
    <record>
        <leader>01342cam a2200349Ia 4500</leader>
        <controlfield tag="001">691808</controlfield>
        <controlfield tag="005">20221008180039.0</controlfield>
        <controlfield tag="008">950310s1926    idub          000 0 eng d</controlfield>
        <datafield tag="035" ind1=" " ind2=" ">
            <subfield code="a">(OCoLC)ocm49538114</subfield>
        </datafield>
        <datafield tag="035" ind1=" " ind2=" ">
            <subfield code="a">691808</subfield>
        </datafield>
        <datafield tag="040" ind1=" " ind2=" ">
            <subfield code="a">OIS</subfield>
            <subfield code="b">eng</subfield>
            <subfield code="c">OIS</subfield>
            <subfield code="d">NTD</subfield>
            <subfield code="d">OCLCQ</subfield>
            <subfield code="d">AGL</subfield>
            <subfield code="d">OCLCQ</subfield>
            <subfield code="d">OCLCO</subfield>
            <subfield code="d">OCLCA</subfield>
            <subfield code="d">AGL</subfield>
        </datafield>
        <datafield tag="043" ind1=" " ind2=" ">
            <subfield code="a">n-us-id</subfield>
        </datafield>
        <datafield tag="016" ind1="7" ind2=" ">
            <subfield code="a">CAT10906338</subfield>
            <subfield code="2">DNAL</subfield>
        </datafield>
        <datafield tag="070" ind1="0" ind2=" ">
            <subfield code="a">281.2</subfield>
            <subfield code="b">Id1</subfield>
        </datafield>
        <datafield tag="072" ind1=" " ind2="0">
            <subfield code="a">E100</subfield>
        </datafield>
        <datafield tag="049" ind1=" " ind2=" ">
            <subfield code="a">AGLL</subfield>
        </datafield>
        <datafield tag="245" ind1="0" ind2="0">
            <subfield code="a">Economic survey of Idaho agriculture :</subfield>
            <subfield code="b">progress report.</subfield>
        </datafield>
        <datafield tag="246" ind1="3" ind2=" ">
            <subfield code="a">Economic survey of Idaho agriculture report of progress</subfield>
        </datafield>
        <datafield tag="260" ind1=" " ind2=" ">
            <subfield code="a">Boise, Idaho :</subfield>
            <subfield code="b">Agricultural Experiment Station and Extension Service, Idaho State Dept. of Agriculture and U.S. Dept. of Agriculture,</subfield>
            <subfield code="c">1926.</subfield>
        </datafield>
        <datafield tag="300" ind1=" " ind2=" ">
            <subfield code="a">14 leaves :</subfield>
            <subfield code="b">maps ;</subfield>
            <subfield code="c">28 cm</subfield>
        </datafield>
        <datafield tag="336" ind1=" " ind2=" ">
            <subfield code="a">text</subfield>
            <subfield code="b">txt</subfield>
            <subfield code="2">rdacontent</subfield>
        </datafield>
        <datafield tag="337" ind1=" " ind2=" ">
            <subfield code="a">unmediated</subfield>
            <subfield code="b">n</subfield>
            <subfield code="2">rdamedia</subfield>
        </datafield>
        <datafield tag="338" ind1=" " ind2=" ">
            <subfield code="a">volume</subfield>
            <subfield code="b">nc</subfield>
            <subfield code="2">rdacarrier</subfield>
        </datafield>
        <datafield tag="500" ind1=" " ind2=" ">
            <subfield code="a">June 10, 1926.</subfield>
        </datafield>
        <datafield tag="650" ind1=" " ind2="0">
            <subfield code="a">Agriculture</subfield>
            <subfield code="x">Economic aspects</subfield>
            <subfield code="z">Idaho.</subfield>
        </datafield>
        <datafield tag="650" ind1=" " ind2="3">
            <subfield code="a">agricultural economics</subfield>
            <subfield code="9">auto-assigned by category code</subfield>
        </datafield>
        <datafield tag="710" ind1="2" ind2=" ">
            <subfield code="a">University of Idaho.</subfield>
            <subfield code="b">Agricultural Experiment Station and Extension Service.</subfield>
        </datafield>
        <datafield tag="710" ind1="1" ind2=" ">
            <subfield code="a">Idaho.</subfield>
            <subfield code="b">Department of Agriculture.</subfield>
        </datafield>
        <datafield tag="710" ind1="1" ind2=" ">
            <subfield code="a">United States.</subfield>
            <subfield code="b">Department of Agriculture.</subfield>
        </datafield>
        <datafield tag="930" ind1=" " ind2=" ">
            <subfield code="a">20221008</subfield>
            <subfield code="b">00000000</subfield>
            <subfield code="c">00000000</subfield>
        </datafield>
        <datafield tag="946" ind1=" " ind2=" ">
            <subfield code="a">State experiment station</subfield>
        </datafield>
        <datafield tag="959" ind1=" " ind2=" ">
            <subfield code="a"/>
            <subfield code="c">2022/09/28</subfield>
            <subfield code="e">cmartinez</subfield>
            <subfield code="g">upgrade</subfield>
        </datafield>
    </record>