
    <record>
        <leader>01429cam a22003972i 4500</leader>
        <controlfield tag="001">694512</controlfield>
        <controlfield tag="005">20221003083553.0</controlfield>
        <controlfield tag="008">950310s1915    nyu           000 0 eng d</controlfield>
        <datafield tag="035" ind1=" " ind2=" ">
            <subfield code="a">(OCoLC)ocm71079600</subfield>
        </datafield>
        <datafield tag="035" ind1=" " ind2=" ">
            <subfield code="a">694512</subfield>
        </datafield>
        <datafield tag="040" ind1=" " ind2=" ">
            <subfield code="a">AGL</subfield>
            <subfield code="b">eng</subfield>
            <subfield code="c">AGL</subfield>
            <subfield code="d">OCLCQ</subfield>
            <subfield code="d">WAU</subfield>
            <subfield code="d">OCLCO</subfield>
            <subfield code="d">AGL</subfield>
        </datafield>
        <datafield tag="016" ind1="7" ind2=" ">
            <subfield code="a">CAT10904031</subfield>
            <subfield code="2">DNAL</subfield>
        </datafield>
        <datafield tag="043" ind1=" " ind2=" ">
            <subfield code="a">n-us-ny</subfield>
        </datafield>
        <datafield tag="070" ind1="0" ind2=" ">
            <subfield code="a">280.393</subfield>
            <subfield code="b">N48</subfield>
        </datafield>
        <datafield tag="072" ind1=" " ind2="0">
            <subfield code="a">Q005</subfield>
        </datafield>
        <datafield tag="049" ind1=" " ind2=" ">
            <subfield code="a">AGLL</subfield>
        </datafield>
        <datafield tag="110" ind1="2" ind2=" ">
            <subfield code="a">New York Central and Hudson River Railroad Company.</subfield>
            <subfield code="b">Agricultural Department.</subfield>
        </datafield>
        <datafield tag="245" ind1="1" ind2="0">
            <subfield code="a">Packing apples in central packing houses and the New York apple packing law.</subfield>
        </datafield>
        <datafield tag="260" ind1=" " ind2=" ">
            <subfield code="c">[1915?]</subfield>
        </datafield>
        <datafield tag="300" ind1=" " ind2=" ">
            <subfield code="a">15 pages</subfield>
        </datafield>
        <datafield tag="336" ind1=" " ind2=" ">
            <subfield code="a">text</subfield>
            <subfield code="b">txt</subfield>
            <subfield code="2">rdacontent</subfield>
        </datafield>
        <datafield tag="337" ind1=" " ind2=" ">
            <subfield code="a">unmediated</subfield>
            <subfield code="b">n</subfield>
            <subfield code="2">rdamedia</subfield>
        </datafield>
        <datafield tag="338" ind1=" " ind2=" ">
            <subfield code="a">volume</subfield>
            <subfield code="b">nc</subfield>
            <subfield code="2">rdacarrier</subfield>
        </datafield>
        <datafield tag="650" ind1=" " ind2="0">
            <subfield code="a">Packing for shipment.</subfield>
        </datafield>
        <datafield tag="650" ind1=" " ind2="0">
            <subfield code="a">Apples</subfield>
            <subfield code="z">New York (State)</subfield>
            <subfield code="x">Marketing.</subfield>
        </datafield>
        <datafield tag="650" ind1=" " ind2="0">
            <subfield code="a">Apples</subfield>
            <subfield code="x">Handling</subfield>
            <subfield code="z">New York (State)</subfield>
        </datafield>
        <datafield tag="650" ind1=" " ind2="7">
            <subfield code="a">Apples</subfield>
            <subfield code="x">Marketing.</subfield>
            <subfield code="2">fast</subfield>
            <subfield code="0">(OCoLC)fst00811678</subfield>
        </datafield>
        <datafield tag="650" ind1=" " ind2="7">
            <subfield code="a">Packing for shipment.</subfield>
            <subfield code="2">fast</subfield>
            <subfield code="0">(OCoLC)fst01050238</subfield>
        </datafield>
        <datafield tag="650" ind1=" " ind2="3">
            <subfield code="a">plant-based foods</subfield>
            <subfield code="9">auto-assigned by category code</subfield>
        </datafield>
        <datafield tag="650" ind1=" " ind2="3">
            <subfield code="a">horticultural crops</subfield>
            <subfield code="9">auto-assigned by category code</subfield>
        </datafield>
        <datafield tag="650" ind1=" " ind2="3">
            <subfield code="a">food packaging</subfield>
            <subfield code="9">auto-assigned by category code</subfield>
        </datafield>
        <datafield tag="651" ind1=" " ind2="7">
            <subfield code="a">New York (State)</subfield>
            <subfield code="2">fast</subfield>
            <subfield code="0">(OCoLC)fst01210280</subfield>
        </datafield>
        <datafield tag="710" ind1="2" ind2=" ">
            <subfield code="a">New York Central Lines.</subfield>
            <subfield code="b">Agricultural Department.</subfield>
        </datafield>
        <datafield tag="930" ind1=" " ind2=" ">
            <subfield code="a">20221003</subfield>
            <subfield code="b">00000000</subfield>
            <subfield code="c">00000000</subfield>
        </datafield>
        <datafield tag="946" ind1=" " ind2=" ">
            <subfield code="a">Other US</subfield>
        </datafield>
        <datafield tag="959" ind1=" " ind2=" ">
            <subfield code="a"/>
            <subfield code="c">2022/10/03</subfield>
            <subfield code="e">cmartinez</subfield>
            <subfield code="g">upgrade</subfield>
        </datafield>
    </record>