
    <record>
        <leader>01571cam a2200433 i 4500</leader>
        <controlfield tag="001">701616</controlfield>
        <controlfield tag="005">20221002083620.0</controlfield>
        <controlfield tag="008">950314s1881    gw            000 0 ger d</controlfield>
        <datafield tag="016" ind1="7" ind2=" ">
            <subfield code="a">CAT10972382</subfield>
            <subfield code="2">DNAL</subfield>
        </datafield>
        <datafield tag="035" ind1=" " ind2=" ">
            <subfield code="a">(OCoLC)ocn424643781</subfield>
        </datafield>
        <datafield tag="035" ind1=" " ind2=" ">
            <subfield code="a">701616</subfield>
        </datafield>
        <datafield tag="040" ind1=" " ind2=" ">
            <subfield code="a">KKU</subfield>
            <subfield code="b">eng</subfield>
            <subfield code="c">KKU</subfield>
            <subfield code="d">OCLCF</subfield>
            <subfield code="d">OCLCQ</subfield>
            <subfield code="d">AGL</subfield>
            <subfield code="d">OCLCO</subfield>
            <subfield code="d">AGL</subfield>
        </datafield>
        <datafield tag="043" ind1=" " ind2=" ">
            <subfield code="a">e-gx---</subfield>
        </datafield>
        <datafield tag="070" ind1="0" ind2=" ">
            <subfield code="a">284.5</subfield>
            <subfield code="b">P11 Ed.3</subfield>
        </datafield>
        <datafield tag="049" ind1=" " ind2=" ">
            <subfield code="a">AGLL</subfield>
        </datafield>
        <datafield tag="070" ind1="0" ind2=" ">
            <subfield code="a">284.5</subfield>
            <subfield code="b">P11</subfield>
        </datafield>
        <datafield tag="072" ind1=" " ind2="0">
            <subfield code="a">E200</subfield>
        </datafield>
        <datafield tag="100" ind1="1" ind2=" ">
            <subfield code="a">Pabst, H. W.</subfield>
            <subfield code="q">(Heinrich Wilhelm),</subfield>
            <subfield code="d">1798-1868.</subfield>
        </datafield>
        <datafield tag="242" ind1="1" ind2="0">
            <subfield code="a">Agricultural appraisal theory /</subfield>
            <subfield code="c">Heinrich Wilhelm von Pabst.</subfield>
            <subfield code="y">eng</subfield>
        </datafield>
        <datafield tag="245" ind1="1" ind2="0">
            <subfield code="a">Landwirthschaftliche Taxationslehre /</subfield>
            <subfield code="c">H.W. von Pabst.</subfield>
        </datafield>
        <datafield tag="246" ind1="3" ind2=" ">
            <subfield code="a">Taxationslehre</subfield>
        </datafield>
        <datafield tag="250" ind1=" " ind2=" ">
            <subfield code="a">3. Aufl., vollständig umgearb. u. verm. /</subfield>
            <subfield code="b">von Wilhelm von Hamm.</subfield>
        </datafield>
        <datafield tag="260" ind1=" " ind2=" ">
            <subfield code="a">Berlin :</subfield>
            <subfield code="b">Paul Parey,</subfield>
            <subfield code="c">1881.</subfield>
        </datafield>
        <datafield tag="300" ind1=" " ind2=" ">
            <subfield code="a">viii, 212 pages ;</subfield>
            <subfield code="c">24 cm</subfield>
        </datafield>
        <datafield tag="336" ind1=" " ind2=" ">
            <subfield code="a">text</subfield>
            <subfield code="b">txt</subfield>
            <subfield code="2">rdacontent</subfield>
        </datafield>
        <datafield tag="337" ind1=" " ind2=" ">
            <subfield code="a">unmediated</subfield>
            <subfield code="b">n</subfield>
            <subfield code="2">rdamedia</subfield>
        </datafield>
        <datafield tag="338" ind1=" " ind2=" ">
            <subfield code="a">volume</subfield>
            <subfield code="b">nc</subfield>
            <subfield code="2">rdacarrier</subfield>
        </datafield>
        <datafield tag="650" ind1=" " ind2="0">
            <subfield code="a">Agriculture</subfield>
            <subfield code="x">Taxation</subfield>
            <subfield code="z">Germany.</subfield>
        </datafield>
        <datafield tag="650" ind1=" " ind2="0">
            <subfield code="a">Agriculture</subfield>
            <subfield code="x">Economic aspects.</subfield>
        </datafield>
        <datafield tag="650" ind1=" " ind2="7">
            <subfield code="a">Agriculture</subfield>
            <subfield code="x">Economic aspects.</subfield>
            <subfield code="2">fast</subfield>
            <subfield code="0">(OCoLC)fst00801415</subfield>
        </datafield>
        <datafield tag="650" ind1=" " ind2="7">
            <subfield code="a">Agriculture</subfield>
            <subfield code="x">Taxation.</subfield>
            <subfield code="2">fast</subfield>
            <subfield code="0">(OCoLC)fst00801686</subfield>
        </datafield>
        <datafield tag="650" ind1=" " ind2="3">
            <subfield code="a">microeconomics</subfield>
            <subfield code="9">auto-assigned by category code</subfield>
        </datafield>
        <datafield tag="650" ind1=" " ind2="3">
            <subfield code="a">farm management</subfield>
            <subfield code="9">auto-assigned by category code</subfield>
        </datafield>
        <datafield tag="650" ind1=" " ind2="3">
            <subfield code="a">agricultural economics</subfield>
            <subfield code="9">auto-assigned by category code</subfield>
        </datafield>
        <datafield tag="651" ind1=" " ind2="7">
            <subfield code="a">Germany.</subfield>
            <subfield code="2">fast</subfield>
            <subfield code="0">(OCoLC)fst01210272</subfield>
        </datafield>
        <datafield tag="700" ind1="1" ind2=" ">
            <subfield code="a">Hamm, Wilhelm von.</subfield>
        </datafield>
        <datafield tag="930" ind1=" " ind2=" ">
            <subfield code="a">20221002</subfield>
            <subfield code="b">00000000</subfield>
            <subfield code="c">00000000</subfield>
        </datafield>
        <datafield tag="946" ind1=" " ind2=" ">
            <subfield code="a">Non-US</subfield>
        </datafield>
        <datafield tag="959" ind1=" " ind2=" ">
            <subfield code="a"/>
            <subfield code="c">2022/10/02</subfield>
            <subfield code="e">cmartinez</subfield>
            <subfield code="g">upgrade</subfield>
        </datafield>
    </record>