
    <record>
        <leader>02024cam a2200493 a 4500</leader>
        <controlfield tag="001">687214</controlfield>
        <controlfield tag="005">20221002180017.0</controlfield>
        <controlfield tag="008">950217s1934    ru a     b    000 0 rus d</controlfield>
        <datafield tag="035" ind1=" " ind2=" ">
            <subfield code="a">(OCoLC)ocm12141899</subfield>
        </datafield>
        <datafield tag="035" ind1=" " ind2=" ">
            <subfield code="a">687214</subfield>
        </datafield>
        <datafield tag="040" ind1=" " ind2=" ">
            <subfield code="a">VXG</subfield>
            <subfield code="b">eng</subfield>
            <subfield code="c">VXG</subfield>
            <subfield code="d">CRL</subfield>
            <subfield code="d">AGL</subfield>
            <subfield code="d">OCLCQ</subfield>
            <subfield code="d">OCLCF</subfield>
            <subfield code="d">OCLCQ</subfield>
            <subfield code="d">OCLCO</subfield>
            <subfield code="d">OCLCQ</subfield>
            <subfield code="d">OCLCO</subfield>
            <subfield code="d">AGL</subfield>
        </datafield>
        <datafield tag="016" ind1="7" ind2=" ">
            <subfield code="a">CAT10890240</subfield>
            <subfield code="2">DNAL</subfield>
        </datafield>
        <datafield tag="041" ind1="0" ind2=" ">
            <subfield code="a">rus</subfield>
            <subfield code="b">eng</subfield>
            <subfield code="f">eng</subfield>
        </datafield>
        <datafield tag="070" ind1="0" ind2=" ">
            <subfield code="a">90.11</subfield>
            <subfield code="b">V53</subfield>
        </datafield>
        <datafield tag="072" ind1=" " ind2="0">
            <subfield code="a">F100</subfield>
        </datafield>
        <datafield tag="072" ind1=" " ind2="0">
            <subfield code="a">K001</subfield>
        </datafield>
        <datafield tag="049" ind1=" " ind2=" ">
            <subfield code="a">AGLL</subfield>
        </datafield>
        <datafield tag="100" ind1="1" ind2=" ">
            <subfield code="a">Vekhov, N. K.</subfield>
            <subfield code="q">(Nikolaĭ Kuzʹmich)</subfield>
        </datafield>
        <datafield tag="245" ind1="1" ind2="0">
            <subfield code="a">Vegetativnoe razmnozhenie drevesnykh rasteniĭ letnimi cherenkami /</subfield>
            <subfield code="c">N.K. Vekhov, M.P. Ilʹin.</subfield>
        </datafield>
        <datafield tag="246" ind1="1" ind2="5">
            <subfield code="a">Vegetative propagation of trees and shrubs by means of summer cuttings</subfield>
        </datafield>
        <datafield tag="260" ind1=" " ind2=" ">
            <subfield code="a">Leningrad :</subfield>
            <subfield code="b">Izd. Vses. in-ta rastenievodstva,</subfield>
            <subfield code="c">1934.</subfield>
        </datafield>
        <datafield tag="300" ind1=" " ind2=" ">
            <subfield code="a">283 pages :</subfield>
            <subfield code="b">illustrations ;</subfield>
            <subfield code="c">25 cm</subfield>
        </datafield>
        <datafield tag="336" ind1=" " ind2=" ">
            <subfield code="a">text</subfield>
            <subfield code="b">txt</subfield>
            <subfield code="2">rdacontent</subfield>
        </datafield>
        <datafield tag="337" ind1=" " ind2=" ">
            <subfield code="a">unmediated</subfield>
            <subfield code="b">n</subfield>
            <subfield code="2">rdamedia</subfield>
        </datafield>
        <datafield tag="338" ind1=" " ind2=" ">
            <subfield code="a">volume</subfield>
            <subfield code="b">nc</subfield>
            <subfield code="2">rdacarrier</subfield>
        </datafield>
        <datafield tag="490" ind1="1" ind2=" ">
            <subfield code="a">Prilozhenie 61. k Trudam po prikladnoĭ botanike, genetike i selekt︠s︡ii</subfield>
        </datafield>
        <datafield tag="500" ind1=" " ind2=" ">
            <subfield code="a">At head of title: Vsesoi︠u︡znai︠a︡ akademii︠a︡ selʹskokhozi︠a︡ĭstvennykh nauk im. Lenina. Institut rastenievodstva NKZ SSSR.</subfield>
        </datafield>
        <datafield tag="500" ind1=" " ind2=" ">
            <subfield code="a">In Russian; summaries in English; table of contents also in English.</subfield>
        </datafield>
        <datafield tag="504" ind1=" " ind2=" ">
            <subfield code="a">Includes bibliographical references.</subfield>
        </datafield>
        <datafield tag="650" ind1=" " ind2="0">
            <subfield code="a">Plant cuttings.</subfield>
        </datafield>
        <datafield tag="650" ind1=" " ind2="0">
            <subfield code="a">Trees.</subfield>
        </datafield>
        <datafield tag="650" ind1=" " ind2="0">
            <subfield code="a">Shrubs.</subfield>
        </datafield>
        <datafield tag="650" ind1=" " ind2="7">
            <subfield code="a">shrubs.</subfield>
            <subfield code="2">aat</subfield>
            <subfield code="0">(CStmoGRI)aat300132407</subfield>
        </datafield>
        <datafield tag="650" ind1=" " ind2="7">
            <subfield code="a">Plant cuttings.</subfield>
            <subfield code="2">fast</subfield>
            <subfield code="0">(OCoLC)fst01065368</subfield>
        </datafield>
        <datafield tag="650" ind1=" " ind2="7">
            <subfield code="a">Shrubs.</subfield>
            <subfield code="2">fast</subfield>
            <subfield code="0">(OCoLC)fst01117866</subfield>
        </datafield>
        <datafield tag="650" ind1=" " ind2="7">
            <subfield code="a">Trees.</subfield>
            <subfield code="2">fast</subfield>
            <subfield code="0">(OCoLC)fst01155984</subfield>
        </datafield>
        <datafield tag="650" ind1=" " ind2="3">
            <subfield code="a">forestry</subfield>
            <subfield code="9">auto-assigned by category code</subfield>
        </datafield>
        <datafield tag="650" ind1=" " ind2="3">
            <subfield code="a">plant cultural practices</subfield>
            <subfield code="9">auto-assigned by category code</subfield>
        </datafield>
        <datafield tag="650" ind1=" " ind2="3">
            <subfield code="a">crop production</subfield>
            <subfield code="9">auto-assigned by category code</subfield>
        </datafield>
        <datafield tag="700" ind1="1" ind2=" ">
            <subfield code="a">Ilʹin, Mikhail P.</subfield>
            <subfield code="d">1895-1953.</subfield>
        </datafield>
        <datafield tag="830" ind1=" " ind2="0">
            <subfield code="a">Prilozhenie ... k Trudam po prikladnoĭ botanike, genetike i selekt︠s︡ii ;</subfield>
            <subfield code="v">61.</subfield>
        </datafield>
        <datafield tag="930" ind1=" " ind2=" ">
            <subfield code="a">20221002</subfield>
            <subfield code="b">00000000</subfield>
            <subfield code="c">00000000</subfield>
        </datafield>
        <datafield tag="946" ind1=" " ind2=" ">
            <subfield code="a">Non-US</subfield>
        </datafield>
        <datafield tag="959" ind1=" " ind2=" ">
            <subfield code="a"/>
            <subfield code="c">2022/10/02</subfield>
            <subfield code="e">cmartinez</subfield>
            <subfield code="g">upgrade</subfield>
        </datafield>
    </record>
</collection>
